@book{
vernon2013,
    author    = {Vaughn Vernon},
    title     = {implementing domain-driven design},
    year      = {2013},
}